@book{botermans2008,
	author = {Botermans, Jack},
	title = {The Book of Games},
	publisher = {Sterling},
	year = {2008},
	address = {New York},
	isbn = {9781402742217}
}

@misc{johnson2009,
	author = "Daniel Johnson",
	title = "'Lingua Franca' -- The Place of Games in Culture",
	howpublished = "\url{http://www.gamesetwatch.com/2009/04/column_lingua_franca_a_primer.php}",
	year = "2009"
}

@misc{wiki:christian_art,
	author = "Wikipedia",
	title = "Christian Art",
	howpublished = "\url{http://en.wikipedia.org/wiki/Christian_art}",
	year = "2010"
}

@book{armesto2010,
	author = "Fern\'{a}ndez-Armesto, Felipe",
	title = {The World},
	publisher = {Prentice Hall},
	year = {2010},
	address = {Englewood Cliffs},
	isbn = {9780136061472}
}

