@misc{kosinski2010,
	author	= "Robert J. Kosinski",
	title	= "A Literature Review on Reaction Time",
	year	= "2010",
	howpublished	= "\url{http://biae.clemson.edu/bpc/bp/Lab/110/reaction.htm}"
}

